% Encoding: UTF-8

@Article{Soricut2015,
  author = {Soricut, Radu and Och, Franz},
  title  = {Unsupervised Morphology Induction Using Word Embeddings},
  year   = {2015},
  month  = {01},
  pages  = {1627-1637},
  doi    = {10.3115/v1/N15-1186},
}

@Article{Mnih2009,
  author    = {Mnih, Andriy and Hinton, Geoffrey E},
  title     = {A Scalable Hierarchical Distributed Language Model},
  year      = {2009},
  pages     = {1081--1088},
  booktitle = {Advances in Neural Information Processing Systems 21},
  editor    = {D. Koller and D. Schuurmans and Y. Bengio and L. Bottou},
  publisher = {Curran Associates, Inc.},
  url       = {http://papers.nips.cc/paper/3583-a-scalable-hierarchical-distributed-language-model.pdf},
}

@Article{Belinkov2017,
  author        = {Yonatan Belinkov and Nadir Durrani and Fahim Dalvi and Hassan Sajjad and James R. Glass},
  journal       = {CoRR},
  title         = {What do Neural Machine Translation Models Learn about Morphology?},
  year          = {2017},
  volume        = {abs/1704.03471},
  archiveprefix = {arXiv},
  bibsource     = {dblp computer science bibliography, https://dblp.org},
  biburl        = {https://dblp.org/rec/bib/journals/corr/BelinkovDDSG17},
  eprint        = {1704.03471},
  timestamp     = {Mon, 13 Aug 2018 16:47:22 +0200},
  url           = {http://arxiv.org/abs/1704.03471},
}

@Article{MacKay2018,
  author        = {Matthew MacKay and Paul Vicol and Jimmy Ba and Roger B. Grosse},
  journal       = {CoRR},
  title         = {Reversible Recurrent Neural Networks},
  year          = {2018},
  volume        = {abs/1810.10999},
  archiveprefix = {arXiv},
  bibsource     = {dblp computer science bibliography, https://dblp.org},
  biburl        = {https://dblp.org/rec/bib/journals/corr/abs-1810-10999},
  eprint        = {1810.10999},
  timestamp     = {Mon, 22 Jul 2019 15:22:05 +0200},
  url           = {http://arxiv.org/abs/1810.10999},
}

@Article{Gomez2017,
  author        = {Aidan N. Gomez and Mengye Ren and Raquel Urtasun and Roger B. Grosse},
  journal       = {CoRR},
  title         = {The Reversible Residual Network: Backpropagation Without Storing Activations},
  year          = {2017},
  volume        = {abs/1707.04585},
  archiveprefix = {arXiv},
  bibsource     = {dblp computer science bibliography, https://dblp.org},
  biburl        = {https://dblp.org/rec/bib/journals/corr/GomezRUG17},
  eprint        = {1707.04585},
  timestamp     = {Mon, 13 Aug 2018 16:47:14 +0200},
  url           = {http://arxiv.org/abs/1707.04585},
}

@Article{DosSantos2014,
  author    = {Dos Santos, C\'{\i}cero Nogueira and Zadrozny, Bianca},
  title     = {Learning Character-level Representations for Part-of-speech Tagging},
  year      = {2014},
  pages     = {II-1818--II-1826},
  acmid     = {3045095},
  booktitle = {Proceedings of the 31st International Conference on International Conference on Machine Learning - Volume 32},
  location  = {Beijing, China},
  publisher = {JMLR.org},
  series    = {ICML'14},
  url       = {http://dl.acm.org/citation.cfm?id=3044805.3045095},
}

@Article{WolfSonkin2018,
  author        = {Lawrence Wolf{-}Sonkin and Jason Naradowsky and Sebastian J. Mielke and Ryan Cotterell},
  journal       = {CoRR},
  title         = {A Structured Variational Autoencoder for Contextual Morphological Inflection},
  year          = {2018},
  volume        = {abs/1806.03746},
  archiveprefix = {arXiv},
  bibsource     = {dblp computer science bibliography, https://dblp.org},
  biburl        = {https://dblp.org/rec/bib/journals/corr/abs-1806-03746},
  eprint        = {1806.03746},
  timestamp     = {Mon, 13 Aug 2018 16:47:05 +0200},
  url           = {http://arxiv.org/abs/1806.03746},
}

@Article{Alexandrescu2006,
  author = {Alexandrescu, Andrei and Kirchhoff, Katrin},
  title  = {Factored Neural Language Models.},
  year   = {2006},
  month  = {01},
  doi    = {10.3115/1614049.1614050},
}

@Article{Cotterell2017,
  author        = {Ryan Cotterell and Georg Heigold},
  journal       = {CoRR},
  title         = {Cross-lingual, Character-Level Neural Morphological Tagging},
  year          = {2017},
  volume        = {abs/1708.09157},
  archiveprefix = {arXiv},
  bibsource     = {dblp computer science bibliography, https://dblp.org},
  biburl        = {https://dblp.org/rec/bib/journals/corr/abs-1708-09157},
  eprint        = {1708.09157},
  timestamp     = {Mon, 13 Aug 2018 16:46:51 +0200},
  url           = {http://arxiv.org/abs/1708.09157},
}

@Article{Cotterell2016,
  author    = {Cotterell, Ryan and Kirov, Christo and Sylak-Glassman, John and Yarowsky, David and Eisner, Jason and Hulden, Mans},
  title     = {The SIGMORPHON 2016 Shared Task---Morphological Reinflection},
  year      = {2016},
  month     = {August},
  address   = {Berlin, Germany},
  booktitle = {Proceedings of the 2016 Meeting of SIGMORPHON},
  publisher = {Association for Computational Linguistics},
}

@Article{Cotterell2018,
  author        = {Ryan Cotterell and Julia Kreutzer},
  journal       = {CoRR},
  title         = {Explaining and Generalizing Back-Translation through Wake-Sleep},
  year          = {2018},
  volume        = {abs/1806.04402},
  archiveprefix = {arXiv},
  bibsource     = {dblp computer science bibliography, https://dblp.org},
  biburl        = {https://dblp.org/rec/bib/journals/corr/abs-1806-04402},
  eprint        = {1806.04402},
  timestamp     = {Mon, 13 Aug 2018 16:47:27 +0200},
  url           = {http://arxiv.org/abs/1806.04402},
}

@Article{Cotterell2018a,
  author        = {Ryan Cotterell and Christo Kirov and Sebastian J. Mielke and Jason Eisner},
  journal       = {CoRR},
  title         = {Unsupervised Disambiguation of Syncretism in Inflected Lexicons},
  year          = {2018},
  volume        = {abs/1806.03740},
  archiveprefix = {arXiv},
  bibsource     = {dblp computer science bibliography, https://dblp.org},
  biburl        = {https://dblp.org/rec/bib/journals/corr/abs-1806-03740},
  eprint        = {1806.03740},
  timestamp     = {Mon, 13 Aug 2018 16:48:16 +0200},
  url           = {http://arxiv.org/abs/1806.03740},
}

@Article{Luong2013,
  author    = {Luong, Thang and Socher, Richard and Manning, Christopher},
  title     = {Better Word Representations with Recursive Neural Networks for Morphology},
  year      = {2013},
  month     = aug,
  pages     = {104--113},
  address   = {Sofia, Bulgaria},
  booktitle = {Proceedings of the Seventeenth Conference on Computational Natural Language Learning},
  publisher = {Association for Computational Linguistics},
  url       = {https://www.aclweb.org/anthology/W13-3512},
}

@Comment{jabref-meta: databaseType:bibtex;}
